<record><leader>00000cas a22000007a 4500</leader><controlfield tag="001">19104703</controlfield><controlfield tag="008">890206d19871991arucr ne      0    0eng d</controlfield><datafield ind1=" " ind2=" " tag="010"><subfield code="a">sn 89051052 </subfield></datafield><datafield ind1=" " ind2=" " tag="040"><subfield code="a">ANU</subfield><subfield code="b">eng</subfield><subfield code="c">ANU</subfield><subfield code="d">NSD</subfield><subfield code="d">ANU</subfield><subfield code="d">OCLCQ</subfield></datafield><datafield ind1=" " ind2=" " tag="042"><subfield code="a">msc</subfield></datafield><datafield ind1="0" ind2=" " tag="130"><subfield code="a">News leader (Siloam Springs, Ark.)</subfield></datafield><datafield ind1="1" ind2="0" tag="245"><subfield code="a">News leader.</subfield></datafield><datafield ind1=" " ind2=" " tag="260"><subfield code="a">Siloam Springs, Ark. :</subfield><subfield code="b">Siloam Enterprises</subfield></datafield><datafield ind1=" " ind2=" " tag="300"><subfield code="a">v.</subfield></datafield><datafield ind1=" " ind2=" " tag="310"><subfield code="a">Semiweekly,</subfield><subfield code="b">Sept. 6, 1987-Sept. 1, 1991</subfield></datafield><datafield ind1=" " ind2=" " tag="321"><subfield code="a">Weekly,</subfield><subfield code="b">Mar. 4-Sept. 2, 1987</subfield></datafield><datafield ind1="0" ind2=" " tag="362"><subfield code="a">Vol. 1, no. 1 (Mar. 4, 1987)-v. 5, no. 47 (Sept. 1, 1991).</subfield></datafield><datafield ind1=" " ind2="4" tag="651"><subfield code="a">Siloam Springs (Ark.)</subfield><subfield code="v">Newspapers.</subfield></datafield><datafield ind1=" " ind2="4" tag="651"><subfield code="a">Benton County (Ark.)</subfield><subfield code="v">Newspapers.</subfield></datafield><datafield ind1=" " ind2=" " tag="752"><subfield code="a">United States</subfield><subfield code="b">Arkansas</subfield><subfield code="c">Benton</subfield><subfield code="d">Siloam Springs.</subfield></datafield><datafield ind1="0" ind2="7" tag="785"><subfield code="t">Herald and Democrat (Siloam Springs, Ark. : 1916)</subfield><subfield code="w">(DLC)sn 89051054</subfield></datafield><datafield ind1="0" ind2="7" tag="785"><subfield code="t">Herald-leader (Siloam Springs, Ark.)</subfield><subfield code="x">1061-9542</subfield><subfield code="w">(DLC)sn 91050219</subfield></datafield></record>